@inproceedings{kour2014real,
  title={Real-time segmentation of on-line handwritten arabic script},
  author={Kour, George and Saabne, Raid},
  booktitle={Frontiers in Handwriting Recognition (ICFHR), 2014 14th International Conference on},
  pages={417--422},
  year={2014},
  organization={IEEE}
}


@article{hadash2018estimate,
  title={Estimate and Replace: A Novel Approach to Integrating Deep Neural Networks with Existing Applications},
  author={Hadash, Guy and Kermany, Einat and Carmeli, Boaz and Lavi, Ofer and Kour, George and Jacovi, Alon},
  journal={arXiv preprint arXiv:1804.09028},
  year={2018}
}

@inproceedings{ye2019interpolating,
  title={Interpolating local and global search by controlling the variance of standard bit mutation},
  author={Ye, Furong and Doerr, Carola and B{\"a}ck, Thomas},
  booktitle={2019 IEEE Congress on Evolutionary Computation (CEC)},
  pages={2292--2299},
  year={2019},
  organization={IEEE}
}

@article{Packebusch_2016,
   title={Low autocorrelation binary sequences},
   volume={49},
   ISSN={1751-8121},
   url={http://dx.doi.org/10.1088/1751-8113/49/16/165001},
   DOI={10.1088/1751-8113/49/16/165001},
   number={16},
   journal={Journal of Physics A: Mathematical and Theoretical},
   publisher={IOP Publishing},
   author={Packebusch, Tom and Mertens, Stephan},
   year={2016},
   month=mar, pages={165001} }

@ARTICLE{9422706,
  author={Brest, Janez and Bošković, Borko},
  journal={IEEE Access}, 
  title={Low Autocorrelation Binary Sequences: Best-Known Peak Sidelobe Level Values}, 
  year={2021},
  volume={9},
  number={},
  pages={67713-67723},
  keywords={Correlation;Search problems;Optimization;Evolutionary computation;Heuristic algorithms;Time complexity;Binary code;aperiodic autocorrelation;peak sidelobe level},
  doi={10.1109/ACCESS.2021.3077541}}

@article{Ukil_2010,
  title={Low autocorrelation binary sequences: Number theory-based analysis for minimum energy level, Barker codes},
  volume={20},
  ISSN={1051-2004},
  url={http://dx.doi.org/10.1016/j.dsp.2009.08.003},
  DOI={10.1016/j.dsp.2009.08.003},
  number={2},
  journal={Digital Signal Processing},
  publisher={Elsevier BV},
  author={Ukil, Abhisek},
  year={2010},
  month=mar, pages={483–495} }

@article{n_queens,
author = {Kesri, Vishal and Kesri, Vaibhav and Pattnaik, P.K.},
year = {2012},
month = {04},
pages = {1-6},
title = {An Unique Solution for N queen Problem},
volume = {43},
journal = {International Journal of Computer Applications},
doi = {10.5120/6152-8539}
}

@ARTICLE{IOHprofiler,
  author = {Carola Doerr and Hao Wang and Furong Ye and Sander van Rijn and Thomas B{\"a}ck},
  title = {IOHprofiler: A Benchmarking and Profiling Tool for Iterative Optimization Heuristics},
  journal = {arXiv e-prints:1810.05281},
  archivePrefix = {arXiv},
  eprint = {1810.05281},
  year = {2018},
  month = {oct},
  keywords = {Computer Science - Neural and Evolutionary Computing},
  url = {https://arxiv.org/abs/1810.05281}
}

@article{IOHanalyzer,
author = {Hao Wang and Diederick Vermetten and Furong Ye and Carola Doerr and Thomas B\"{a}ck},
title = {IOHanalyzer: Detailed Performance Analyses for Iterative Optimization Heuristics},
journal = {ACM Transactions on Evolutionary Learning and Optimization},
year = {2022},
publisher = {ACM},
volume = {2},
number = {1},
month = {apr},
numpages = {29},
keywords = {performance analysis, evolutionary computation, black-box optimization},
url = {https://doi.org/10.1145/3510426}
} 


@article{IOHexperimenter,
  author = {Jacob de Nobel and Furong Ye and Diederick Vermetten and Hao Wang and Carola Doerr and Thomas B{\"{a}}ck},
  title = {IOHexperimenter: Benchmarking Platform for Iterative Optimization Heuristics},
  journal = {arXiv e-prints:2111.04077},
  archivePrefix = {arXiv},
  eprint = {2111.04077},
  year = {2021},
  month = {nov},
  keywords = {Computer Science - Neural and Evolutionary Computing},
  url = {https://arxiv.org/abs/2111.04077}
}

@InProceedings{source_evo1,
author="Rechenberg, Ingo",
editor="Bergmann, H. W.",
title="Evolution Strategy: Nature's Way of Optimization",
booktitle="Optimization: Methods and Applications, Possibilities and Limitations",
year="1989",
publisher="Springer Berlin Heidelberg",
address="Berlin, Heidelberg",
pages="106--126",
abstract="Biological Evolution has done development work on animated matter for more than three billion years. The method used in this process is the equivalent of an astute optimization procedure which is proverable by the theory of Evolution Strategy.",
isbn="978-3-642-83814-9"
}

@book{source-evo2,
  title={Kybernetische Evolution als Strategie der experimentellen Forschung in der Str{\"o}mungstechnik},
  author={Schwefel, H.P.},
  url={https://books.google.co.in/books?id=xjNBtAEACAAJ},
  year={1965},
  publisher={Technische Universit{\"a}t Berlin, Hermann F{\"o}ttinger-Institut f{\"u}r Str{\"o}mungstechnik}
}
@inbook{hao-paper-evostrat,
author = {Emmerich, Michael and Shir, Ofer and Wang, Hao},
year = {2018},
month = {08},
pages = {89-119},
title = {Evolution Strategies},
isbn = {978-3-319-07123-7},
journal = {Handbook of Heuristics},
doi = {10.1007/978-3-319-07124-4_13}
}

@article{katsuura-source,
author = {Hansen, Nikolaus and Finck, Steffen and Ros, Raymond and Auger, Anne},
year = {2009},
month = {01},
pages = {},
title = {Real-Parameter Black-Box Optimization Benchmarking 2009: Noisy Functions Definitions}
}

@article{katsuura-actualpaper,
author = {Hidefumi Katsuura},
title = {Continuous Nowhere-Differentiable Functions — an Application of Contraction Mappings},
journal = {The American Mathematical Monthly},
volume = {98},
number = {5},
pages = {411--416},
year = {1991},
publisher = {Taylor \& Francis},
doi = {10.1080/00029890.1991.12000778},
URL = {https://doi.org/10.1080/00029890.1991.12000778},
eprint = {https://doi.org/10.1080/00029890.1991.12000778}
}

@article{rugged-boi,
  title={A CUDA-Based Real Parameter Optimization Benchmark},
  author={Ke Ding and Ying Tan},
  journal={ArXiv},
  year={2014},
  volume={abs/1407.7737},
  url={https://api.semanticscholar.org/CorpusID:3749235}
}
